@Book{Jain08,
author = {Jain, A.K., Flynn, P., Ross, A.},
title = {Handbook of Biometrics},
publisher = {Springer},
pages = {1-22},
year = {2008}
}


@Manual{ARM06,
title = {Ada Reference Manual {ISO}/{IEC} 8652:200y({E}) {E}d. 3},
organization = {Ada Europe},
year = {2006}
}

@Article{Jain00,
author = {Jain, A., Hong, L., Pankanti, S.},
title = {Biometric Identification},
journal = {Communications of the ACM},
year = {2000},
volume = {43},
number = {2},
pages = {91-98}
}

@Article{TaSu09,
author = {Sun, Z., Tan, T.},
title = {Ordinal Measures for Iris Recognition},
journal = {IEEE Transactions on Pattern Analysis and Machine Intelligence},
year = {2009},
volume = {31},
number = {12},
pages = {2211-2226}
}



@InProceedings{PrAl06,
author = {Alexandre, L.A., Proenca, H.},
title = {Iris Segmentation Methodology for Non-cooperative Recognition},
booktitle = {IEE Proceedings on Visual Image and Signal Processing},
volume = {153},
number = {2},
year = {2006},
pages = {199-205},
month = {Kwiecieñ}
}

@TechReport{LiKo11,
author = {Kozub, E., Litwin, M.},
title = {Metody Generowania Kodu Têczówki},
institution = {Miêdzywydzia³owa Szko³a In¿ynierii Biomedycznej, Akademia Górniczo-Hutnicza im. Stanis³awa Staszica w Krakowie},
year = {2003},
number = {PR <Bio_Iris> 11}
}
@TechReport{Gl11,
author = {G³owacki, K.},
title = {Biometryczny System Sprawdzania Obecno¶ci na Zajêciach},
institution = {Wydzia³ Elektrotechniki, Automatyki, Informatyki i Elektroniki, Akademia Górniczo-Hutnicza im. Stanis³awa Staszica w Krakowie},
year = {2011}
}



@manual{Alvis2011,
	organization = {AGH University of Science and Technology},
	year = {2011},
	title = {{On Line Alvis Manual}},
	note = {\\\texttt{http://fm.ia.agh.edu.pl/alvis:manual}},
	author = {Szpyrka, M.}
}
