@Book{Jain08,
author = {Jain, A.K., Flynn, P., Ross, A.},
title = {Handbook of Biometrics},
publisher = {Springer},
pages = {V, VI, 1-22},
year = {2008}
}

@Article{Bio01,
title = {Biometria},
note = {\texttt{http://pl.wikipedia.org/wiki/Biometria}}
}

@Book{Ko75,
author = {Kopaliński, W.},
title = {Słownik wyrazów obcych i zwrotów obcojęzycznych},
publisher = {Wiedza Powszechna},
year = {1975},
pages = {128}
}

@Electronic{Bio02,
title = {Biometrics},
url = {\texttt{http://en.wikipedia.org/wiki/Biometrics}}
}

@Electronic{HF1,
title = {History of Fingerprints},
url = {\texttt{http://onin.com/fp/fphistory.html}}
}

@Manual{ARM06,
title = {Ada Reference Manual {ISO}/{IEC} 8652:200y({E}) {E}d. 3},
organization = {Ada Europe},
year = {2006}
}

@Article{Jain00,
author = {Jain, A., Hong, L., Pankanti, S.},
title = {Biometric Identification},
journal = {Communications of the ACM},
year = {2000},
volume = {43},
number = {2},
pages = {91-98}
}

@Article{TaSu09,
author = {Sun, Z., Tan, T.},
title = {Ordinal Measures for Iris Recognition},
journal = {IEEE Transactions on Pattern Analysis and Machine Intelligence},
year = {2009},
volume = {31},
number = {12},
pages = {2211-2226}
}



@InProceedings{PrAl06,
author = {Alexandre, L.A., Proenca, H.},
title = {Iris Segmentation Methodology for Non-cooperative Recognition},
booktitle = {IEE Proceedings on Visual Image and Signal Processing},
volume = {153},
number = {2},
year = {2006},
pages = {199-205},
month = {Kwiecień}
}

@TechReport{LiKo11,
author = {Kozub, E., Litwin, M.},
title = {Metody Generowania Kodu Tęczówki},
institution = {Międzywydziałowa Szkoła Inżynierii Biomedycznej, Akademia Górniczo-Hutnicza im. Stanisława Staszica w Krakowie},
year = {2003},
number = {PR <Bio_Iris> 11}
}
@TechReport{Gl11,
author = {Głowacki, K.},
title = {Biometryczny System Sprawdzania Obecności na Zajęciach},
institution = {Wydział Elektrotechniki, Automatyki, Informatyki i Elektroniki, Akademia Górniczo-Hutnicza im. Stanisława Staszica w Krakowie},
year = {2011}
}

@article{Daugman,
author = {Daugman, John G.},
title = {Biometric Personal Identification System based on Iris Analysis},
institution = {United States Patent},
year = {1994}
}



@manual{Alvis2011,
	organization = {AGH University of Science and Technology},
	year = {2011},
	title = {{On Line Alvis Manual}},
	note = {\\\texttt{http://fm.ia.agh.edu.pl/alvis:manual}},
	author = {Szpyrka, M.}
}

@article {Wildes,
author = {Wildes, R.P.},
title = {Iris recognition: an emerging biometric technology},
year = {1}
}

@article {Camus,
author = {Camus, T.A.,  Wildes, R.},
title = {Reliable and fast eye finding in close-up images},
year = {2002}
}

@article { Hos10,
author = {Hosseini, M.S.; Araabi, B.N.; Soltanian-Zadeh, H.},
title = {Pigment Melanin: Pattern for Iris Recognition},
year = {2010},
publisher = {IEEE (uzupełnić}
}

